@misc{devlin2019bert,
      title={BERT: Pre-training of Deep Bidirectional Transformers for Language Understanding}, 
      author={Jacob Devlin and Ming-Wei Chang and Kenton Lee and Kristina Toutanova},
      year={2019},
      eprint={1810.04805},
      archivePrefix={arXiv},
      primaryClass={cs.CL}
}

@misc{araci2019finbert,
      title={FinBERT: Financial Sentiment Analysis with Pre-trained Language Models}, 
      author={Dogu Araci},
      year={2019},
      eprint={1908.10063},
      archivePrefix={arXiv},
      primaryClass={cs.CL}
}

@misc{sanh2020distilbert,
      title={DistilBERT, a distilled version of BERT: smaller, faster, cheaper and lighter}, 
      author={Victor Sanh and Lysandre Debut and Julien Chaumond and Thomas Wolf},
      year={2020},
      eprint={1910.01108},
      archivePrefix={arXiv},
      primaryClass={cs.CL}
}


@inproceedings{pennington2014glove,
  added-at = {2016-02-18T12:02:38.000+0100},
  author = {Pennington, Jeffrey and Socher, Richard and Manning, Christopher D},
  biburl = {https://www.bibsonomy.org/bibtex/2a6e77a38c13e374ab250e13ae22993ec/thoni},
  booktitle = {EMNLP},
  interhash = {29813227df1eea94efa14c7df2b5553a},
  intrahash = {a6e77a38c13e374ab250e13ae22993ec},
  keywords = {deeplearning deepwiki glove semantic},
  pages = {1532--1543},
  timestamp = {2016-09-06T08:23:07.000+0200},
  title = {Glove: Global Vectors for Word Representation.},
  volume = 14,
  year = 2014
}


